@BOOK{Austern99,
   AUTHOR = {M. H. Austern},
   TITLE = {Generic Programming and the STL: Using and Extending
            the C++ Standard Template Library},
   PUBLISHER = {Addison--Wesley},
   ADRESS = {Reading},
   YEAR =  {1999}
}
@InCollection{Myers96,
  author = 	 {N. Myers},
  title = 	 {A New and Useful Template Technique: ``Traits''},
  booktitle = 	 {C++ Gems},
  OPTcrossref =  {},
  OPTkey = 	 {},
  pages = 	 {451--457},
  publisher =    {SIGS Books and Multimedia},
  year = 	 {1996},
  editor = 	 {S. B. Lippman},
  OPTvolume = 	 {},
  OPTnumber = 	 {},
  OPTseries = 	 {},
  OPTtype = 	 {},
  OPTchapter = 	 {},
  address = 	 {New York},
  OPTedition = 	 {},
  OPTmonth = 	 {},
  OPTnote = 	 {},
  OPTannote = 	 {}
}
@Article{Furnish97,
  author = 	 {G. Furnish},
  title = 	 {Disambiguated Glommable Expression Templates},
  journal = 	 {Computers in Physics},
  year = 	 {1997},
  OPTkey = 	 {},
  volume =	 {11},
  number =	 {3},
  pages =	 {263--269},
  month =	 {May/June},
  OPTnote = 	 {},
  OPTannote = 	 {}
}

@Article{Furnish98,
  author = 	 {G. Furnish},
  title = 	 {Container-Free Numerical Algorithms in {C}++},
  journal = 	 {Computers in Physics},
  year = 	 {1998},
  OPTkey = 	 {},
  volume =	 {12},
  number =	 {3},
  pages =	 {258--265},
  month =	 {May/June},
  OPTnote = 	 {},
  OPTannote = 	 {}
}
