%%---------------------------------------------------------------------------%%
%% IMC.bib
%% Thomas M. Evans		  
%% Todd Urbatsch		 
%%---------------------------------------------------------------------------%%
%% BIBLIOGRAPHY FOR IMC TOPICS
%%---------------------------------------------------------------------------%%

		  
%%---------------------------------------------------------------------------%%
%% STRINGS
%%---------------------------------------------------------------------------%%
		  
@string{ jcp = "Journal of Computational Physics"}
		  
@string{ nse = "Nuclear Science and Engineering"}
		  
@string{ lanl = "Los Alamos National Laboratory"}
		  
@string{ llnl = "Lawrence Livermore National Laboratory"}		  
		  
%%---------------------------------------------------------------------------%%
%% ARTICLES
%%---------------------------------------------------------------------------%%	  
		  
@Article{fl71,
  author = 	 "Fleck, Jr., J.A. and J.D. Cummings",
  title = 	 "An implicit {M}onte {C}arlo scheme for calculating
		  time and frequency dependent nonlinear radiation transport",
  journal =	 jcp,
  year =	 1971,
  volume =	 8,
  pages =	 "313--342"
}

@Article{ec88,
  author = 	 "Pierre L'Ecuyer",
  title = 	 "Efficient and portable combined random number generators",
  journal =	 "Communications of the {ACM}",
  year =	 1988,
  volume =	 31,
  number =	 6,
  month =	 jun
}

@Article{la87,
  author = 	 "E.W. Larsen and B. Mercier",
  title = 	 "Analysis of a {M}onte {C}arlo method for nonlinear
		  radiative transfer",
  journal =	 jcp,
  year =	 1987,
  volume =	 71,
  pages =	 "50--64"
}

@Article{br89,
  author = 	 "Brooks III, E.D.",
  title = 	 "Symbolic implicit {M}onte {C}arlo",
  journal =	 jcp,
  year =	 1989,
  volume =	 83,
  pages =	 "433--446"
}
		  
@Article{la83,
  author = 	 "E.W. Larsen and G.C. Pomraning and V.C. Badham",
  title = 	 "Asymptotic analysis of radiative transfer problems",
  journal =	 "Journal of Quantitative Spectroscopy and Radiation Transfer",
  year =	 1983,
  volume =	 29,
  number =	 4,
  pages =	 "285--310"
}

@Article{st66,
  author = 	 "J.C. Stewart",
  title = 	 "Equivalence of special models in energy-dependent
		  neutron transport and nongrey radiative transfer",
  journal =	 "Annals of Physics",
  year =	 1966,
  volume =	 40,
  pages =	 "321-333"
}

@Article{fl81,
  author = 	 "Fleck, Jr., J.A. and E.H. Canfield",
  title = 	 "A random walk procedure for improving the
		  computational efficiency of the {I}mplicit {M}onte
		  {C}arlo method for nonlinear radiation transport",
  journal =	 jcp,
  year =	 1981,
  volume =	 54,
  pages =	 "508--523"
}

@Article{mo96,
  author = 	 "J.E. Morel and Todd A. Wareing and Kenneth Smith",
  title = 	 "A linear-discontinuous spatial differencing scheme for
                  {$S_N$} radiative transfer calculations",
  journal =	 jcp,
  year =	 1996,
  volume =	 128,
  pages =	 "445--462"
}

%%---------------------------------------------------------------------------%%
%% BOOKS
%%---------------------------------------------------------------------------%%
		  
@Book{po73,
  author = 	 "G.C. Pomraning",
  title = 	 "The Equations of Radiation Hydrodynamics",
  publisher = 	 "Pergamon Press",
  year = 	 1973,
  address =	 "Oxford"
}

@Book{mi84,
  author = 	 "D. Mihalas and B.W. Mihalas",
  title = 	 "Foundations of Radiation Hydrodynamics",
  publisher = 	 "Oxford University Press",
  year = 	 1984,
  address =	 "New York"
}

@Book{ch60,
  author = 	 "S. Chandrasekhar",
  title = 	 "Radiative Transfer",
  publisher = 	 "Dover Publications Inc.",
  year = 	 1960,
  address =	 "New York"
}

@Book{mcnp,
  author = 	 "J.F. Briesmeister",
  title = 	 "{MCNP}-{A} General {M}onte {C}arlo {N}-Particle
		  Transport Code",
  publisher = 	 lanl,
  year = 	 1997,
  number =	 "LA-12625-M, Version 4B"
}
	
@Book{me97,
  author = 	 "B. Meyer",
  title = 	 "Object-Oriented Sofware Construction",
  publisher = 	 "Prentice Hall",
  year = 	 1997,
  address =	 "Upper Saddle River, NJ",
  edition =	 "second"
}

%%---------------------------------------------------------------------------%%
%% INCOLLECTION
%%---------------------------------------------------------------------------%%

@InCollection{fl63,
  author = 	 "Fleck, Jr., J.A.",
  title = 	 "The Calculation of Nonlinear Radiation Transport by
		  a {M}onte {C}arlo Method",
  booktitle =	 "Computational Methods in the Physical Sciences",
  publisher =	 "Mc{G}raw-{H}ill",
  year =	 1963,
  editor =	 "B. Alder and S. Fernbach",
  volume =	 1,
  pages =	 43,
  address =	 "New York"
}

%%---------------------------------------------------------------------------%%
%% INPROCEEDINGS
%%---------------------------------------------------------------------------%%
	  
@InProceedings{le97,
  author = 	 "S.R. Lee and J.C. Cummings and S.D. Nolen",
  title = 	 "{MC++}: {P}arallel, portable {M}onte {C}arlo Neutron 
		  Transport in {C++}",
  number =	 "LA-UR-96--4808",
  booktitle =	 "Proceedings of the Eighth {SIAM} Conference on
		  Parallel Processing for Scientific Computing",
  year =	 1997,
  address =	 "Minneapolis, MN",
  month =	 mar,
  note =	 "{www-xdiv.lanl.gov/XCI/PEOPLE/srlee}"
}

%%---------------------------------------------------------------------------%%
%% MANUALS
%%---------------------------------------------------------------------------%%
	  
@Manual{kai,
  title = 	 "{KAI C++ Compiler}",
  author =       "{Kuck and Associates}",
  address =	 "Champaign, IL",
  edition =	 "3.2e",
  year =	 1997,
  month =	 oct,
  note =	 "{c++support@kai.com}"
}

%%---------------------------------------------------------------------------%%
%% PROCEEDINGS
%%---------------------------------------------------------------------------%%
		  
		  
		  
%%---------------------------------------------------------------------------%%
%% THESES
%%---------------------------------------------------------------------------%%
		  
		  
		  
%%---------------------------------------------------------------------------%%
%% TECHREPORTS
%%---------------------------------------------------------------------------%%
		  
@TechReport{xtm:rn98xxx,
  author = 	 "T.J. Urbatsch and T.M. Evans",
  title = 	 "{Jayenne Project Code Development Plan}",
  institution =  lanl,
  year = 	 1998,
  type =	 "Research Note",
  number =	 "XTM-RN(U)-98-xxx",
  month =	 mar
}

@TechReport{xtm:rn97019,
  author = 	 "Todd Urbatsch and Jim Morel",
  title = 	 "Morel's {$S_{\infty}$}:  A Hybrid Approach for
		  Neutron Transport",
  institution =  lanl,
  year = 	 1997,
  type =	 "Research Note",
  number =	 "XTM-RN(U)-97--019",
  month =	 may,
}
		  
@TechReport{xtm:rn97035,
  author = 	 "Todd Urbatsch and Jim Morel",
  title = 	 "Including Negative Probabilities in {$S_{\infty}$}",
  institution =  lanl,
  year = 	 1997,
  type =	 "Research Note",
  number =	 "XTM-RN(U)-97--035",
  month =        sep,   
}

@TechReport{xtm:rn97036,
  author = 	 "Todd Urbatsch and Jim Morel",
  title = 	 "Two-Scatter Variance Reduction in the {$S_{\infty}$} 
		  Method",
  institution =  lanl,
  year = 	 1997,
  type =	 "Research Note",
  number =	 "XTM-RN(U)-97-036",
  month =	 sep,
}

@TechReport{xtm:rn97050,
  author = 	 "Todd Urbatsch and Jim Morel",
  title = 	 "{D}iscrete {D}iffusion {M}onte {C}arlo",
  institution =  lanl,
  year = 	 1997,
  type =	 "Research Note",
  number =	 "XTM-RN(U)-97--050",
  month =	 nov,
}		  
		  
@TechReport{x6:93382,
  author = 	 "G.L. Olson",
  title = 	 "{M}onte {C}arlo, Variable {E}ddington Factors, and
		  Flux-Limited Diffusion",
  institution =  lanl,
  year = 	 1993,
  type =	 "Technical Memo.",
  number =	 "X-6:GLO-93--382",
  month =	 jun
}

@TechReport{x6:92958,
  author = 	 "Bob Weaver and Burt Freeman",
  title = 	 "Variable {E}ddington {M}onte {C}arlo Code for
		  Complex Radiation Transport Calculations (U)",
  institution =  lanl,
  year = 	 1992,
  type =	 "Technical Memo.",
  number =	 "X-6:SWW-92--958",
  month =	 dec
}

@TechReport{xtm:96431,
  author = 	 "Todd Urbatsch",
  title = 	 "{IMC} surface source in an {AMR} mesh",
  institution =  lanl,
  year = 	 1996,
  type =         "Technical Memo.",
  number = 	 "XTM--96--431(U)",
  month = 	 dec,
}

@TechReport{xtm:9739,
  author = 	 "Todd Urbatsch",
  title = 	 "{IMC} surface source motion in an {AMR} mesh",
  institution =  lanl,
  year = 	 1997,
  type =         "Technical Memo.",
  number = 	 "XTM--97--39(U)",
  month = 	 feb,
}

@TechReport{lams:2421,
  author = 	 "Albert G. Petschek and Ralph E. Williamson and Wooten, Jr., John K.",
  title = 	 "The Penetration of Radiation with Constant Driving Temperature",
  institution =  "Los Alamos Scientific Laboratory", 
  year = 	 1960,
  type =         "Technical Report.",
  number = 	 "LAMS--2421",
  month = 	 jul,
}

@TechReport{la96488,
  author = 	 "Bingjing Su and Gordon L. Olson",
  title = 	 "Benchmark Results for the Non-Equilibrium Marshak Diffusion Problem",
  institution =  lanl,
  year = 	 1996,
  type =         "Technical Report.",
  number = 	 "LA-UR-96-488",
}
		  
@TechReport{la961799, 
  author = "Bingjing Su and Gordon L. Olson", 
  title = "A Benchmark for Non-Equilibrium Radiative Transfer in an
		  Isotropically Scattering Medium", 
  institution = lanl, 
  year = 1996, 
  type = "Technical Report.",
  number = "LA-UR-96-1799", }
		  

@TechReport{xtmrn98018,
  author = 	 "Todd J. Urbatsch and Thomas M. Evans",
  title = 	 "Strategy for Parallel {I}mplicit {M}onte {C}arlo",
  institution =  lanl,
  year = 	 1998,
  type = 	 "Technical Report.",
  number = 	 "XTM-RN(U)-98-018",
  month = 	 may,
}


@TechReport{xtmrn98019,
  author = 	 "Todd J. Urbatsch and Thomas M. Evans",
  title = 	 "The jayenne {IMC} Project Plan",
  institution =  lanl,
  year = 	 1998,
  type = 	 "Technical Report.",
  number = 	 "XTM-RN(U)-98-019",
  month = 	 may,
}
		  
%%---------------------------------------------------------------------------%%
%% UNPUBLISHED (PERSONAL COMMUNICATION)
%%---------------------------------------------------------------------------%%

@Unpublished{mi97,
  author = 	 "Doug Miller and Richard Procassini",
  title = 	 "{private communication}",
  note = 	 llnl,
  year =	 1997,
  month =	 nov
}

@Unpublished{ra98,
  author = 	 "Jim Rathkopf",
  title = 	 "{private communication}",
  note = 	 llnl,
  year =	 1998,
  month =	 apr
}
		  
%%---------------------------------------------------------------------------%%
%% BOOKLETS/PAMPHLETS
%%---------------------------------------------------------------------------%%

@Booklet{ce97,
  title = 	 "{SPRNG}: {S}calable {P}arallel {R}andom {N}umber
		  {G}enerators",
  author =	 "D. Ceperley and M. Mascagni and A. Srinivasan",
  howpublished = "{NCSA}, University of Illinois",
  address =	 "Urbana-Champaign",
  month =	 nov,
  year =	 1997,
  note =	 "{www.ncsa.uiuc.edu/Apps/SPRNG}"
}

%%---------------------------------------------------------------------------%%
%% end of IMC.bib
%%---------------------------------------------------------------------------%%

		  
