%%---------------------------------------------------------------------------%%
%% draco.bib
%% Thomas M. Evans
%% $Id$
%%---------------------------------------------------------------------------%%
%% BIBLIOGRAPHY FOR cs TOPICS
%%---------------------------------------------------------------------------%%


%%---------------------------------------------------------------------------%%
%% STRINGS
%%---------------------------------------------------------------------------%%

%%---------------------------------------------------------------------------%%
%% ARTICLES
%%---------------------------------------------------------------------------%%
          
@Article{gr99,
  author =       {M.G. Gray and R.M. Roberts and T.M. Evans},
  title =        {Shadow object interface between {F 95} and {C++}},
  journal =      {Computers in Physics},
  year =         1999,
  note =         {Accepted for publication}
}

@Article{fu97,
  author =       {G. Furnish},
  title =        {Disambiguated Glommable Expression Templates},
  journal =      {Computers in Physics},
  year =         {1997},
  volume =       {11},
  number =       {3},
  pages =        {263--269},
  month =        {May/June},
}

@Article{ve95,
  author =       {T. Veldhuizen},
  title =        {Expression Templates},
  journal =      {C++ Report},
  year =         1995,
  volume =       7,
  number =       5,
  pages =        {26--31},
  month =        {June},
}

@Article{carlson63,
  author =       {B. G. Carlson},
  title =        {The {N}umerical {T}heory of {N}eutron {T}ransport},
  journal =      {Methods in Computational Physics},
  year =         1963,
  volume =       1,
}

%%---------------------------------------------------------------------------%%
%% BOOKS
%%---------------------------------------------------------------------------%%   

@Book{lewisandmiller,
   author = {E.E. Lewis and W.F. Miller, Jr.},
   title = {Computational {M}ethods of {N}eutron {T}ransport},
   publisher = {American Nuclear Society, Inc.},
   year = 1993,
   address = {555 N. Kensington Avenue, La Grange Park, Illinois
                  60424 USA }
}

@Book{he01,
  editor =	 {George T. Heineman and William T. Councill},
  title = 	 {Component-Based Software Engineering: Putting the
                  Pieces Together},
  publisher = 	 {Addison-Wesley},
  year = 	 2001
}

               
@Book{ja94,
  author =       "K. Jameson",
  title =        "Multi-Platform Code Management",
  publisher =    "O'Reilly Associates, Inc.",
  year =         1994
}

@Book{ga95,
  author =       {E. Gamma and  R. Helm and R. Johnson and J. Vlissides},
  title =        {Design Patterns, Elements of Reusable Object-Oriented 
                  Software},
  publisher =    {Addison-Wesley},
  year =         1995,
  address =      {Reading, MA}
}
                  
@Book{la96,
  author =       "J. Lakos",
  title =        "Large-Scale C++ Software Design",
  publisher =    "Addison Wesley",
  year =         1996
}

@Book{me97,
  author =       "B. Meyer",
  title =        "Object-Oriented Software Construction",
  publisher =    "{ISE} Inc.",
  year =         1997,
  edition =      "second"
}

@Book{ne98,
  author =       {C. Newham and B. Rosenblatt},
  title =        {Learning the {bash} Shell},
  publisher =    {O'Reilly},
  year =         1998,
  address =      {Cambridge},
  edition =      {second}
}

@Book{au99,
  author =       {M.H. Austern},
  title =        {Generic Programming and the {STL}},
  publisher =    {Addison-Wesley},
  year =         1999,
  address =      {Reading, MA}
}

@Book{ca91,
  author =       {D Cameron and B. Rosenblatt},
  title =        {Learning GNU Emacs},
  publisher =    {{O'Reilly \& Associates, Inc.}},
  year =         1991,
  address =      {Sebastopol, CA}
}

@Book{sz98,
  author =	 {C. Szyperski},
  title = 	 {Component Software: Beyond Object-Oriented Programming},
  publisher = 	 {Addison-Wesley},
  year = 	 1998
}

@Book{numericalrecipesforcpp,
  author =	 {W.H. Press, S.A. Teukolsky, W.T. Vetterling and B.P. Flannery},
  title = 	 {Numerical {R}ecipes in {C}++: {T}he {A}rt of {S}cientific {C}omputing},
  publisher = 	 {Cambridge University Press},
  year = 	 2002
}

@Book{gslref,
  author =	 {Brian Gough},
  title = 	 {{GNU} {S}cientific {L}ibrary {R}eference {M}anual},
  publisher = 	 {Network Theory Ltd.},
  year = 	 2009
}

%%---------------------------------------------------------------------------%%
%% BOOKLETS/PAMPHLETS
%%---------------------------------------------------------------------------%%

@Booklet{ce97,
  title =        "{SPRNG}: {S}calable {P}arallel {R}andom {N}umber
                  {G}enerators",
  author =       "D. Ceperley and M. Mascagni and A. Srinivasan",
  howpublished = "{NCSA}, University of Illinois",
  address =      "Urbana-Champaign",
  month =        nov,
  year =         1997,
  note =         "{www.ncsa.uiuc.edu/Apps/SPRNG}"
}

%%---------------------------------------------------------------------------%%
%% INCOLLECTION
%%---------------------------------------------------------------------------%%

@InProceedings{ro98,
  author =       {R.M. Roberts and G.M. Furnish and M.G. Gray and
                  S.D. Pautz},
  title =        {Generic Programming in the {SOLON} Interface},
  booktitle =    {Proceedings of the Nuclear Explosives Code
                  Development Conference},
  year =         1998,
  editor =       {G.L. Olson},
  month =        oct,
  organization = {U.S. Dept. of Energy},
  note =         {available through Draco under
                  draco/doc/GenericProgInSolon/}
}         
                  
%%---------------------------------------------------------------------------%%
%% INPROCEEDINGS
%%---------------------------------------------------------------------------%%

                  
                  
%%---------------------------------------------------------------------------%%
%% MANUALS
%%---------------------------------------------------------------------------%%
                          
@Manual{tn98,
  title =        "{Mastering Projects Workshop}",
  organization = "{True North pks, Inc.}",
  address =      "Portland, OR",
  edition =      "Revision 4",
  year =         1998,
  month =        jan
}
          
@Manual{kai,
  title =        "{KAI C++ Compiler}",
  author =       "{Kuck and Associates}",
  address =      "Champaign, IL",
  edition =      "3.3e",
  year =         1997,
  month =        oct,
  note =         "{c++support@kai.com}"
}

@Manual{purify,
  title =        {Purify User's Guide, v4.1},
  author =       {{Rational Software Corp.}},
  year =         1997,
  note =         {{support@rational.com}}
}

@Manual{gmake,
  title =        {GNU Make},
  author =       {R.M. Stallman and R. Mc{G}rath},
  organization = {Free Software Foundation},
  address =      {Boston, MA},
  month =        may,
  year =         1997,
  note =         {v3.77}
}

@Manual{cvs,
  title =        {Version Management with CVS},
  author =       {P. Cederqvist},
  organization = {Signum Support AB},
  year =         1993,
  note =         {v1.10}
}

@Manual{autoconf,
  title =        {Autoconf},
  author =       {D. Mac{K}enzie},
  edition =      {2.12},
  organization = {Free Software Foundation},
  month =        nov,
  year =         1996
}

@Manual{gnu,
  title =        {GNU Coding Standards},
  author =       {R. Stallman},
  organization = {Free Software Foundation},
  month =        sep,
  year =         1996
}

@Manual{m4,
  title =        {GNU m4},
  author =       {R. Seindal},
  organization = {Free Software Foundation},
  edition =      {1.4},
  month =        nov,
  year =         1994
}

@Manual{gnats,
  title =        {Keeping Track},
  author =       {J.M. Osier and B. Kehoe},
  organization = {Free Software Foundation},
  edition =      {3.107},
  month =        jan,
  year =         1996
}

@Manual{dejagnu,
  title =        {The {D}eja{G}nu Testing Framework},
  author =       {R. Savoye},
  organization = {Free Software Foundation},
  address =      {1.3},
  month =        jan,
  year =         1996
}

@Manual{assure,
  title =        {Assure Reference Manual (C/C++ Edition), v 3.9},
  author =       {Kuck \& Associates, Inc.},
  month =        {mar},
  year =         2000,
  note =         {http://www.kai.com/parallel/kappro/assure/, kai@kai.com}
}

%%---------------------------------------------------------------------------%%
%% PROCEEDINGS
%%---------------------------------------------------------------------------%%
                  
                  
                  
%%---------------------------------------------------------------------------%%
%% THESES
%%---------------------------------------------------------------------------%%
                  
                  
                  
%%---------------------------------------------------------------------------%%
%% TECHREPORTS
%%---------------------------------------------------------------------------%%

@TechReport{mpich,
  author =       {W. Gropp and E. Lusk},
  title =        {User's Guide for mpich, a Portable Implementation of
                  {MPI}},
  institution =  {Argonne National Laboratory},
  year =         1996,
  number =       {{ANL/MCS-TM-ANL-96/6}}
}

@TechReport{ccs-4:04-35,
  author =       {Mike Buksas},
  title =        {Using the Draco autodoc system},
  institution =  lanl,
  year =         2004,
  type =         {Research Note},
  number =       {CCS-4:04--35(U)},
  month =        {April}
}

@TechReport{ccs-4:04-21,
  author =       {Mike Buksas and Tom Evans},
  title =        {Vision and Scope Statements for Project {T}huban},
  institution =  lanl,
  year =         2004,
  type =         {Research Note},
  number =       {CCS-4:04--21(U)},
  month =        {April},
  note =         {Rev. 3}
}

@TechReport{ansi:cpp,
  author =       {{ISO/IEC, International Standard}},
  title =        {Programming Languages-{C++}},
  institution =  {American National Standard Institute},
  year =         1998,
  number =       14882,
  address =      {New York},
  month =        sep
}              
                  
@TechReport{rn98046,
  author =       {T.M. Evans},
  title =        {The {D}raco System for {XTM} Transport Code Development},
  institution =  {Los Alamos National Lab.},
  year =         1998,
  type =         {Research Note},
  number =       {XTM-RN(U)-98--046},
  note =         {LA-UR-98--5562}
}

@TechReport{draco-3_0_0,
  author = 	 {Thomas M. Evans},
  title = 	 {Release of {D}raco-3\_0\_0},
  institution =  {Los Alamos National Lab.},
  year = 	 2003,
  type =	 {Tech. Memo},
  number =	 {CCS--4:03-18(U)}
}

@TechReport{draco-3_2_0,
  author = 	 {Thomas M. Evans},
  title = 	 {Release of {D}raco-3\_2\_0},
  institution =  {Los Alamos National Lab.},
  year = 	 2003,
  type =	 {Tech. Memo},
  number =	 {CCS--4:03-24(U)}
}

@TechReport{draco-4_0_0,
  author = 	 {Thomas M. Evans},
  title = 	 {Release of {D}raco-4\_0\_0},
  institution =  {Los Alamos National Lab.},
  year = 	 2003,
  type =	 {Tech. Memo},
  number =	 {CCS--4:03-34(U)}
}

@TechReport{draco-5_0_0,
  author = 	 {Thomas M. Evans and Mike Buksas and Kelly Thompson},
  title = 	 {Release of {D}raco-5\_0\_0},
  institution =  {Los Alamos National Lab.},
  year = 	 2004,
  type =	 {Research Note},
  month =        {April},
  number =	 {CCS--4:03-34(U)}
}

@TechReport{draco-6_0_0,
  author = 	 {Kelly Thompson and Jae Chang},
  title = 	 {Release of {D}raco-6\_0\_0},
  institution =  {Los Alamos National Lab.},
  year = 	 2010,
  type =	 {Research Note},
  month =        {December},
  number =	 {CCS--2:10-50(U)}
}

@TechReport{xtm:9936,
  author =       {T.M. Evans},
  title =        {Draco Release Policy and Procedures},
  institution =  {Los Alamos National Lab.},
  year =         1999,
  type =         {Tech. Memo},
  number =       {XTM:99--36(U)}
}

@TechReport{xtm:9909,
  author =       {T.M. Evans},
  title =        {{XE}macs Development Environment for {D}raco},
  institution =  {Los Alamos National Lab.},
  year =         1998,
  type =         {Tech. Memo},
  number =       {XTM:99--09(U)}
}

@TechReport{rn99046,
  author =       {S.D. Pautz},
  title =        {Specification of the Expression Enabled Container Concept},
  institution =  {Los Alamos National Lab.},
  year =         1999,
  type =         {Research Note},
  number =       {XTM-RN(U)-99--021},
  note =         {}
}

@TechReport{ro99,
  author =       {R.M. Roberts and G.M. Furnish and M.G. Gray and
                  S.D. Pautz},
  title =        {Generic Programming in the {SOLON} Interface},
  institution =  {Los Alamos National Lab.},
  year =         1999,
  type =         {{LA Unclassified Report}},
  note =         {LA--UR--99--762}
}         

@TechReport{doxygen,
  author =       {J.M. McGhee and T.M. Evans},
  title =        {Doxygen {C++} Automatic Documentation Utility},
  institution =  {Los Alamos National Lab.},
  year =         1999,
  type =         {Tech. Memo},
  number =       {XTM:JMM-99-57(U)}
}  

@TechReport{draco-purify,
  author =       {T.M. Evans},
  title =        {Using {P}urify in {D}raco with {MPI}},
  institution =  {Los Alamos National Lab.},
  year =         1998,
  type =         {Tech. Memo},
  number =       {XTM:98-099(U)}
}  

@TechReport{tops,
  author      = {J. Abdallah and R. Clark},
  title       = {Tops: A Multigroup Opacity Code},
  institution = {Los Alamos National Lab.},
  year        = 1985,
  type        = {LA Unclassified Report},
  number      = {LA-10454}
}
 
@TechReport{gandolf,
  author      = {J.A.  Abdallah, R.E. Clark and H. Zhang},
  title       = {Interface Subroutines for {IPCRESS} Files},
  institution = {Los Alamos National Lab.},
  year        = 2000,
  type        = {LA Unclassified Report},
  number      = {LA-UR-00-3207}
}
 
@TechReport{eospac-cranfill,
  author      = {C.W. Cranfill},
  title       = {EOSPAC: A Subroutine Package for Accessing the Los
                 Alamos Sesame EOS Data Library},
  institution = {Los Alamos National Lab.},
  year        = 1983,
  type        = {LA Unclassified Report},
  number      = {LA-9728-M}
}

@TechReport{ccs4:01-15,
  author =       {Todd J. Urbatsch and Thomas M. Evans},
  title =        {Researching Improved Low-Weight {IMC} Particle
                  Termination},
  institution =  {Los Alamos National Laboratory},
  year =         2001,
  type =         {Technical Memo},
  number =       {CCS-4:01-15(U)}
}

@TechReport{ccs-4:01-05,
  author =       {Kelly G. Thompson},
  title =        {Gandolf Opacity Package for Draco},
  institution =  {Los Alamos National Laboratory},
  year =         2001,
  type =         {Technical Memo},
  number =       {CCS-4:01-05(U)},
  month =        {May}
}

@TechReport{ccs-4:01-17,
  author =       {Kelly G. Thompson},
  title =        {{EOSPAC} Equation of State Package for Draco},
  institution =  {Los Alamos National Laboratory},
  year =         2001,
  type =         {Technical Memo},
  number =       {CCS-4:01-17(U)},
  month =        {May}
}

@TechReport{ccs2:08-52,
  author =       {Seth R. Johnson},
  title =        {Opacity distribution functions ({ODF}) with multiple groups ({ODFMG})},
  institution =  {Los Alamos National Lab.},
  year =         2008,
  type =         {Technical Memo},
  number =       {CCS-2:-8-52(U)}
}  

@TechReport{lanl-asci-sqe,
  author =       {{LANL ASCI SQE Working Group}},
  title =        {{LANL} {ASCI} Software Engineering Requirements},
  institution =  {Los Alamos National Lab.},
  year =         2002,
  type =         {{LA Unclassified Report}},
  note =         {LA--UR--02--888}
}         

@TechReport{carlson61,
  author =       {Bengt G. Carson and Clarence E. Lee},
  title =        {Mechanical {Q}uadrature and the {T}ransport {E}quation},
  institution =  {Los Alamos National Lab.},
  year =         1961,
  type =         {{LA Unclassified Report}},
  note =         {LA--2573}
}  

@TechReport{lathrop65,
  author =       {K. D. Lathrop and Bengt G. Carson},
  title =        {Discrete {O}rdinates {A}ngular {Q}uadrature of the
                  {N}eutron {T}ransport {E}quation},
  institution =  {Los Alamos National Lab.},
  year =         1965,
  type =         {{LA Unclassified Report}},
  note =         {LA--3185}
}

@TechReport{carlson70,
  author =       {Bengt G. Carson},
  title =        {Transport {T}heory: {D}iscrete {O}rdinates
                  {Q}uadrature over the {U}nit {S}phere},
  institution =  {Los Alamos National Lab.},
  year =         1970,
  type =         {{LA Unclassified Report}},
  note =         {LA--4554}
}  

@TechReport{lee62,
  author =       {Clarence E. Lee},
  title =        {The {D}iscrete $S_N$ {A}pproximation to {T}ransport {T}heory},
  institution =  {Los Alamos National Lab.},
  year =         1962,
  type =         {{LA Unclassified Report}},
  note =         {LA--2595}
}  


%%---------------------------------------------------------------------------%%
%% UNPUBLISHED (PERSONAL COMMUNICATION)
%%---------------------------------------------------------------------------%%

@Unpublished{draco-build,
  author =       {T.M. Evans and R.J. Roberts},
  title =        {The Draco Build System},
  note =         {In development},
  year =         1999
}

@Unpublished{draco-gnats,
  author =       {J.M. McGhee},
  title =        {GNATS Bug Tracking System},
  note =         {In development},
  year =         1999
}

%% WEB Pages              
@Unpublished{draco-web-site,
  author =       {J.M. McGhee},
  title =        {Draco Computation Physics System Home Page},
  note =         {In Development, http://www.ccs.lanl.gov/rad/htdocs/XTM/radtran/draco\_www/draco/},
  year =         2001
}
          
@Unpublished{gandolf-web-site,
  author =       {B. Judd},
  title =        {{GANDOLF} {IPCRESS} Interface Routines},
  note =         {In Development, http://velvet.lanl.gov/X-5/DATA/atomic/gandolf/intro.lasso},
  year =         2001
}    

@Unpublished{eospac-web-site,
  title =        {{Equation of State} Web Page},
  note =         {In Development, http://laurel.lanl.gov/XCI/PROJECTS/DATA/eos/eos.html},
  year =         2001
}

@Unpublished{doxymacs,
  title = {Doxymacs},
  note = {In Development, http://doxymacs.sourceforge.net/},
  year = 2002
}  

@Unpublished{xemacsweb,
  title = {XEmacs},
  note = {In Development, http://www.xemacs.org/},
  year = 2002
}  

@Unpublished{bugz,
  title = {Buzilla},
  note = {In Development, http://www.bugzilla.org/},
  year = 2002
}  

@Unpublished{openmpiweb,
  title = {Open{MPI}},
  note = {In Development, http://www.openmpi.org/},
  year = 2011
}  

@Unpublished{lapackweb,
  title = {{LAPACK}},
  note = {In Development, http://www.netlib.org/lapack},
  year = 2011
}  
@Unpublished{xmgraceweb,
  title = {{Grace}},
  note = {In Development,http://plasma-gate.weizmann.ac.il/Grace/},
  year = 2011
}  
@Unpublished{zika97,
   author = {Mike Zika},
   title = {A Note on Fully Level Symmetric Quadrature Sets},
   year = 1997,
}

@Unpublished{codercdash,
   title = {CDash Dashboard for CCS-2},
   note  = {http://coder.lanl.gov/cdash},
   year  = 2011
}

@Unpublished{modulecmd,
   title = {Environment Modules Project},
   note  = {http://modules.sourceforge.net},
   year  = 2011
}

@Unpublished{cmake,
   title = {{CM}ake},
   note  = {http://www.cmake.org},
   year  = 2011
}

@Unpublished{bullseyeweb,
   title = {Bullseye{C}overage},
   note  = {http://www.bullseye.com},
   year  = 2011
}
%%---------------------------------------------------------------------------%%
%% end of draco.bib
%%---------------------------------------------------------------------------%%
