%%---------------------------------------------------------------------------%%
%% <papername>.bib
%% <user>	
%% $Id$
%%---------------------------------------------------------------------------%%
%% BIBLIOGRAPHY FOR <papername> TOPICS
%%---------------------------------------------------------------------------%%

		  
%%---------------------------------------------------------------------------%%
%% STRINGS
%%---------------------------------------------------------------------------%%
		  
<start>		  
		  
%%---------------------------------------------------------------------------%%
%% ARTICLES
%%---------------------------------------------------------------------------%%

		  
		  
%%---------------------------------------------------------------------------%%
%% BOOKS
%%---------------------------------------------------------------------------%%

		  
		  
%%---------------------------------------------------------------------------%%
%% INCOLLECTION
%%---------------------------------------------------------------------------%%

		  
		  
%%---------------------------------------------------------------------------%%
%% INPROCEEDINGS
%%---------------------------------------------------------------------------%%

		  
		  
%%---------------------------------------------------------------------------%%
%% MANUALS
%%---------------------------------------------------------------------------%%
		  
		  
		  
%%---------------------------------------------------------------------------%%
%% PROCEEDINGS
%%---------------------------------------------------------------------------%%
		  
		  
		  
%%---------------------------------------------------------------------------%%
%% THESES
%%---------------------------------------------------------------------------%%
		  
		  
		  
%%---------------------------------------------------------------------------%%
%% TECHREPORTS
%%---------------------------------------------------------------------------%%
		  
		  
		  
%%---------------------------------------------------------------------------%%
%% UNPUBLISHED (PERSONAL COMMUNICATION)
%%---------------------------------------------------------------------------%%

		  
		  
%%---------------------------------------------------------------------------%%
%% end of <papername>.bib
%%---------------------------------------------------------------------------%%
