@BOOK{Austern99,
   AUTHOR = {M. H. Austern},
   TITLE = {Generic Programming and the STL: Using and Extending
            the C++ Standard Template Library},
   PUBLISHER = {Addison--Wesley},
   ADRESS = {Reading},
   YEAR =  1999
}
@InCollection{Myers96,
  author = 	 {N. Myers},
  title = 	 {A New and Useful Template Technique: ``Traits''},
  booktitle = 	 {C++ Gems},
  pages = 	 {451--457},
  publisher =    {SIGS Books and Multimedia},
  year = 	 1996,
  editor = 	 {S. B. Lippman},
  address = 	 {New York}
}
@Article{Furnish97,
  author = 	 {G. Furnish},
  title = 	 {Disambiguated Glommable Expression Templates},
  journal = 	 {Computers in Physics},
  year = 	 1997,
  volume =	 11,
  number =	 3,
  pages =	 {263--269},
  month =	 {May/June}
}

@Article{Furnish98,
  author = 	 {G. Furnish},
  title = 	 {Container-Free Numerical Algorithms in {C}++},
  journal = 	 {Computers in Physics},
  year = 	 1998,
  volume =	 12,
  number =	 3,
  pages =	 {258--265},
  month =	 {May/June}
}
@Book{Press92,
  author =	 {W. H. Press and others},
  title = 	 {Numerical Recipes in {C}, The Art of Scientific Computing},
  publisher = 	 {Cambridge Unversity Press},
  year = 	 1992,
  edition =	 {second}
}
@Book{Gamma95,
  author =	 {E. Gamma and others},
  title = 	 {Design Patterns, Elements of Reusable Object-Oriented Software},
  publisher = 	 {Addison-Wesley},
  year = 	 1995
}

